%% LaTeX2e file `publication.bib'
%% generated by the `filecontents' environment
%% from source `cv_Dematties' on 2017/08/23.
%%
@book{demattiesiglesias,
  title={Kalman Filter Implementation on FPGA},
  author={Dematties, D.J. and Iglesias, F.A.},
  year={2012},
  publisher={Universidad Tecnologica Nacional}
}

@book{dematties2018,
  title={Phonetic Acquisition in Cortical Dynamics, a Computational Approach},
  author={Dario Dematties and Silvio Rizzi and George K. Thiruvathukal and Alejandro Wainselboim and Silvano Zanutto},
  year={2018},
  publisher={PLOS ONE Submitted Article waiting review process}
}
